%YAML 1.1
%TAG !u! tag:unity3d.com,2011:
--- !u!29 &1
SceneSettings:
  m_ObjectHideFlags: 0
  m_PVSData: 
  m_PVSObjectsArray: []
  m_PVSPortalsArray: []
  m_OcclusionBakeSettings:
    smallestOccluder: 5
    smallestHole: .25
    backfaceThreshold: 100
--- !u!104 &2
RenderSettings:
  m_ObjectHideFlags: 0
  serializedVersion: 6
  m_Fog: 0
  m_FogColor: {r: .5, g: .5, b: .5, a: 1}
  m_FogMode: 3
  m_FogDensity: .00999999978
  m_LinearFogStart: 0
  m_LinearFogEnd: 300
  m_AmbientSkyColor: {r: .211999997, g: .226999998, b: .259000003, a: 1}
  m_AmbientEquatorColor: {r: .114, g: .125, b: .133000001, a: 1}
  m_AmbientGroundColor: {r: .0469999984, g: .0430000015, b: .0350000001, a: 1}
  m_AmbientIntensity: 1
  m_AmbientMode: 3
  m_SkyboxMaterial: {fileID: 0}
  m_HaloStrength: .5
  m_FlareStrength: 1
  m_FlareFadeSpeed: 3
  m_HaloTexture: {fileID: 0}
  m_SpotCookie: {fileID: 10001, guid: 0000000000000000e000000000000000, type: 0}
  m_DefaultReflectionMode: 0
  m_DefaultReflectionResolution: 128
  m_ReflectionBounces: 1
  m_ReflectionIntensity: 1
  m_CustomReflection: {fileID: 0}
  m_Sun: {fileID: 0}
--- !u!127 &3
LevelGameManager:
  m_ObjectHideFlags: 0
--- !u!157 &4
LightmapSettings:
  m_ObjectHideFlags: 0
  serializedVersion: 5
  m_GIWorkflowMode: 0
  m_LightmapsMode: 1
  m_GISettings:
    serializedVersion: 2
    m_BounceScale: 1
    m_IndirectOutputScale: 1
    m_AlbedoBoost: 1
    m_TemporalCoherenceThreshold: 1
    m_EnvironmentLightingMode: 0
    m_EnableBakedLightmaps: 0
    m_EnableRealtimeLightmaps: 0
  m_LightmapEditorSettings:
    serializedVersion: 3
    m_Resolution: 2
    m_BakeResolution: 40
    m_TextureWidth: 1024
    m_TextureHeight: 1024
    m_AOMaxDistance: 1
    m_Padding: 2
    m_CompAOExponent: 0
    m_LightmapParameters: {fileID: 0}
    m_TextureCompression: 1
    m_FinalGather: 0
    m_FinalGatherRayCount: 1024
  m_LightmapSnapshot: {fileID: 0}
  m_RuntimeCPUUsage: 25
--- !u!196 &5
NavMeshSettings:
  serializedVersion: 2
  m_ObjectHideFlags: 0
  m_BuildSettings:
    serializedVersion: 2
    agentRadius: .5
    agentHeight: 2
    agentSlope: 45
    agentClimb: .400000006
    ledgeDropHeight: 0
    maxJumpAcrossDistance: 0
    accuratePlacement: 0
    minRegionArea: 2
    cellSize: .166666672
    manualCellSize: 0
  m_NavMeshData: {fileID: 0}
--- !u!1001 &396363599
Prefab:
  m_ObjectHideFlags: 0
  serializedVersion: 2
  m_Modification:
    m_TransformParent: {fileID: 1085862268}
    m_Modifications:
    - target: {fileID: 460028, guid: 4c8077a9fc7d3ce4eb3e28a2157f565e, type: 2}
      propertyPath: m_LocalPosition.x
      value: -4.61900949
      objectReference: {fileID: 0}
    - target: {fileID: 460028, guid: 4c8077a9fc7d3ce4eb3e28a2157f565e, type: 2}
      propertyPath: m_LocalPosition.y
      value: -1.6891129
      objectReference: {fileID: 0}
    - target: {fileID: 460028, guid: 4c8077a9fc7d3ce4eb3e28a2157f565e, type: 2}
      propertyPath: m_LocalPosition.z
      value: 0
      objectReference: {fileID: 0}
    - target: {fileID: 460028, guid: 4c8077a9fc7d3ce4eb3e28a2157f565e, type: 2}
      propertyPath: m_LocalRotation.x
      value: 0
      objectReference: {fileID: 0}
    - target: {fileID: 460028, guid: 4c8077a9fc7d3ce4eb3e28a2157f565e, type: 2}
      propertyPath: m_LocalRotation.y
      value: 0
      objectReference: {fileID: 0}
    - target: {fileID: 460028, guid: 4c8077a9fc7d3ce4eb3e28a2157f565e, type: 2}
      propertyPath: m_LocalRotation.z
      value: 0
      objectReference: {fileID: 0}
    - target: {fileID: 460028, guid: 4c8077a9fc7d3ce4eb3e28a2157f565e, type: 2}
      propertyPath: m_LocalRotation.w
      value: 1
      objectReference: {fileID: 0}
    - target: {fileID: 460028, guid: 4c8077a9fc7d3ce4eb3e28a2157f565e, type: 2}
      propertyPath: m_RootOrder
      value: 9
      objectReference: {fileID: 0}
    m_RemovedComponents: []
  m_ParentPrefab: {fileID: 100100000, guid: 4c8077a9fc7d3ce4eb3e28a2157f565e, type: 2}
  m_IsPrefabParent: 0
--- !u!4 &396363600 stripped
Transform:
  m_PrefabParentObject: {fileID: 460028, guid: 4c8077a9fc7d3ce4eb3e28a2157f565e, type: 2}
  m_PrefabInternal: {fileID: 396363599}
--- !u!1001 &707171429
Prefab:
  m_ObjectHideFlags: 0
  serializedVersion: 2
  m_Modification:
    m_TransformParent: {fileID: 1085862268}
    m_Modifications:
    - target: {fileID: 460028, guid: 4c8077a9fc7d3ce4eb3e28a2157f565e, type: 2}
      propertyPath: m_LocalPosition.x
      value: -2
      objectReference: {fileID: 0}
    - target: {fileID: 460028, guid: 4c8077a9fc7d3ce4eb3e28a2157f565e, type: 2}
      propertyPath: m_LocalPosition.y
      value: -1.69000006
      objectReference: {fileID: 0}
    - target: {fileID: 460028, guid: 4c8077a9fc7d3ce4eb3e28a2157f565e, type: 2}
      propertyPath: m_LocalPosition.z
      value: 0
      objectReference: {fileID: 0}
    - target: {fileID: 460028, guid: 4c8077a9fc7d3ce4eb3e28a2157f565e, type: 2}
      propertyPath: m_LocalRotation.x
      value: 0
      objectReference: {fileID: 0}
    - target: {fileID: 460028, guid: 4c8077a9fc7d3ce4eb3e28a2157f565e, type: 2}
      propertyPath: m_LocalRotation.y
      value: 0
      objectReference: {fileID: 0}
    - target: {fileID: 460028, guid: 4c8077a9fc7d3ce4eb3e28a2157f565e, type: 2}
      propertyPath: m_LocalRotation.z
      value: 0
      objectReference: {fileID: 0}
    - target: {fileID: 460028, guid: 4c8077a9fc7d3ce4eb3e28a2157f565e, type: 2}
      propertyPath: m_LocalRotation.w
      value: 1
      objectReference: {fileID: 0}
    - target: {fileID: 460028, guid: 4c8077a9fc7d3ce4eb3e28a2157f565e, type: 2}
      propertyPath: m_RootOrder
      value: 0
      objectReference: {fileID: 0}
    - target: {fileID: 188966, guid: 4c8077a9fc7d3ce4eb3e28a2157f565e, type: 2}
      propertyPath: m_Name
      value: TiledTile44
      objectReference: {fileID: 0}
    m_RemovedComponents: []
  m_ParentPrefab: {fileID: 100100000, guid: 4c8077a9fc7d3ce4eb3e28a2157f565e, type: 2}
  m_IsPrefabParent: 0
--- !u!4 &707171430 stripped
Transform:
  m_PrefabParentObject: {fileID: 460028, guid: 4c8077a9fc7d3ce4eb3e28a2157f565e, type: 2}
  m_PrefabInternal: {fileID: 707171429}
--- !u!1001 &737305629
Prefab:
  m_ObjectHideFlags: 0
  serializedVersion: 2
  m_Modification:
    m_TransformParent: {fileID: 1085862268}
    m_Modifications:
    - target: {fileID: 460028, guid: 4c8077a9fc7d3ce4eb3e28a2157f565e, type: 2}
      propertyPath: m_LocalPosition.x
      value: -3.25999999
      objectReference: {fileID: 0}
    - target: {fileID: 460028, guid: 4c8077a9fc7d3ce4eb3e28a2157f565e, type: 2}
      propertyPath: m_LocalPosition.y
      value: -1.69000006
      objectReference: {fileID: 0}
    - target: {fileID: 460028, guid: 4c8077a9fc7d3ce4eb3e28a2157f565e, type: 2}
      propertyPath: m_LocalPosition.z
      value: 0
      objectReference: {fileID: 0}
    - target: {fileID: 460028, guid: 4c8077a9fc7d3ce4eb3e28a2157f565e, type: 2}
      propertyPath: m_LocalRotation.x
      value: 0
      objectReference: {fileID: 0}
    - target: {fileID: 460028, guid: 4c8077a9fc7d3ce4eb3e28a2157f565e, type: 2}
      propertyPath: m_LocalRotation.y
      value: 0
      objectReference: {fileID: 0}
    - target: {fileID: 460028, guid: 4c8077a9fc7d3ce4eb3e28a2157f565e, type: 2}
      propertyPath: m_LocalRotation.z
      value: 0
      objectReference: {fileID: 0}
    - target: {fileID: 460028, guid: 4c8077a9fc7d3ce4eb3e28a2157f565e, type: 2}
      propertyPath: m_LocalRotation.w
      value: 1
      objectReference: {fileID: 0}
    - target: {fileID: 460028, guid: 4c8077a9fc7d3ce4eb3e28a2157f565e, type: 2}
      propertyPath: m_RootOrder
      value: 7
      objectReference: {fileID: 0}
    - target: {fileID: 188966, guid: 4c8077a9fc7d3ce4eb3e28a2157f565e, type: 2}
      propertyPath: m_Name
      value: TiledTile37
      objectReference: {fileID: 0}
    m_RemovedComponents: []
  m_ParentPrefab: {fileID: 100100000, guid: 4c8077a9fc7d3ce4eb3e28a2157f565e, type: 2}
  m_IsPrefabParent: 0
--- !u!4 &737305630 stripped
Transform:
  m_PrefabParentObject: {fileID: 460028, guid: 4c8077a9fc7d3ce4eb3e28a2157f565e, type: 2}
  m_PrefabInternal: {fileID: 737305629}
--- !u!1001 &949692452
Prefab:
  m_ObjectHideFlags: 0
  serializedVersion: 2
  m_Modification:
    m_TransformParent: {fileID: 1085862268}
    m_Modifications:
    - target: {fileID: 460028, guid: 4c8077a9fc7d3ce4eb3e28a2157f565e, type: 2}
      propertyPath: m_LocalPosition.x
      value: -.639999986
      objectReference: {fileID: 0}
    - target: {fileID: 460028, guid: 4c8077a9fc7d3ce4eb3e28a2157f565e, type: 2}
      propertyPath: m_LocalPosition.y
      value: -1.69000006
      objectReference: {fileID: 0}
    - target: {fileID: 460028, guid: 4c8077a9fc7d3ce4eb3e28a2157f565e, type: 2}
      propertyPath: m_LocalPosition.z
      value: 0
      objectReference: {fileID: 0}
    - target: {fileID: 460028, guid: 4c8077a9fc7d3ce4eb3e28a2157f565e, type: 2}
      propertyPath: m_LocalRotation.x
      value: 0
      objectReference: {fileID: 0}
    - target: {fileID: 460028, guid: 4c8077a9fc7d3ce4eb3e28a2157f565e, type: 2}
      propertyPath: m_LocalRotation.y
      value: 0
      objectReference: {fileID: 0}
    - target: {fileID: 460028, guid: 4c8077a9fc7d3ce4eb3e28a2157f565e, type: 2}
      propertyPath: m_LocalRotation.z
      value: 0
      objectReference: {fileID: 0}
    - target: {fileID: 460028, guid: 4c8077a9fc7d3ce4eb3e28a2157f565e, type: 2}
      propertyPath: m_LocalRotation.w
      value: 1
      objectReference: {fileID: 0}
    - target: {fileID: 460028, guid: 4c8077a9fc7d3ce4eb3e28a2157f565e, type: 2}
      propertyPath: m_RootOrder
      value: 2
      objectReference: {fileID: 0}
    - target: {fileID: 188966, guid: 4c8077a9fc7d3ce4eb3e28a2157f565e, type: 2}
      propertyPath: m_Name
      value: TiledTile42
      objectReference: {fileID: 0}
    m_RemovedComponents: []
  m_ParentPrefab: {fileID: 100100000, guid: 4c8077a9fc7d3ce4eb3e28a2157f565e, type: 2}
  m_IsPrefabParent: 0
--- !u!4 &949692453 stripped
Transform:
  m_PrefabParentObject: {fileID: 460028, guid: 4c8077a9fc7d3ce4eb3e28a2157f565e, type: 2}
  m_PrefabInternal: {fileID: 949692452}
--- !u!1001 &980501136
Prefab:
  m_ObjectHideFlags: 0
  serializedVersion: 2
  m_Modification:
    m_TransformParent: {fileID: 0}
    m_Modifications:
    - target: {fileID: 472010, guid: 3d358624b77883e428b8dbbbedabb90c, type: 2}
      propertyPath: m_LocalPosition.x
      value: -14.2087889
      objectReference: {fileID: 0}
    - target: {fileID: 472010, guid: 3d358624b77883e428b8dbbbedabb90c, type: 2}
      propertyPath: m_LocalPosition.y
      value: -5.2597456
      objectReference: {fileID: 0}
    - target: {fileID: 472010, guid: 3d358624b77883e428b8dbbbedabb90c, type: 2}
      propertyPath: m_LocalPosition.z
      value: 0
      objectReference: {fileID: 0}
    - target: {fileID: 472010, guid: 3d358624b77883e428b8dbbbedabb90c, type: 2}
      propertyPath: m_LocalRotation.x
      value: 0
      objectReference: {fileID: 0}
    - target: {fileID: 472010, guid: 3d358624b77883e428b8dbbbedabb90c, type: 2}
      propertyPath: m_LocalRotation.y
      value: 0
      objectReference: {fileID: 0}
    - target: {fileID: 472010, guid: 3d358624b77883e428b8dbbbedabb90c, type: 2}
      propertyPath: m_LocalRotation.z
      value: 0
      objectReference: {fileID: 0}
    - target: {fileID: 472010, guid: 3d358624b77883e428b8dbbbedabb90c, type: 2}
      propertyPath: m_LocalRotation.w
      value: 1
      objectReference: {fileID: 0}
    - target: {fileID: 472010, guid: 3d358624b77883e428b8dbbbedabb90c, type: 2}
      propertyPath: m_RootOrder
      value: 1
      objectReference: {fileID: 0}
    m_RemovedComponents: []
  m_ParentPrefab: {fileID: 100100000, guid: 3d358624b77883e428b8dbbbedabb90c, type: 2}
  m_IsPrefabParent: 0
--- !u!1001 &999157935
Prefab:
  m_ObjectHideFlags: 0
  serializedVersion: 2
  m_Modification:
    m_TransformParent: {fileID: 0}
    m_Modifications:
    - target: {fileID: 472010, guid: 33504a231fe3c1b46ad92994c31d77eb, type: 2}
      propertyPath: m_LocalPosition.x
      value: -8.09789467
      objectReference: {fileID: 0}
    - target: {fileID: 472010, guid: 33504a231fe3c1b46ad92994c31d77eb, type: 2}
      propertyPath: m_LocalPosition.y
      value: -4.60437918
      objectReference: {fileID: 0}
    - target: {fileID: 472010, guid: 33504a231fe3c1b46ad92994c31d77eb, type: 2}
      propertyPath: m_LocalPosition.z
      value: 0
      objectReference: {fileID: 0}
    - target: {fileID: 472010, guid: 33504a231fe3c1b46ad92994c31d77eb, type: 2}
      propertyPath: m_LocalRotation.x
      value: 0
      objectReference: {fileID: 0}
    - target: {fileID: 472010, guid: 33504a231fe3c1b46ad92994c31d77eb, type: 2}
      propertyPath: m_LocalRotation.y
      value: 0
      objectReference: {fileID: 0}
    - target: {fileID: 472010, guid: 33504a231fe3c1b46ad92994c31d77eb, type: 2}
      propertyPath: m_LocalRotation.z
      value: 0
      objectReference: {fileID: 0}
    - target: {fileID: 472010, guid: 33504a231fe3c1b46ad92994c31d77eb, type: 2}
      propertyPath: m_LocalRotation.w
      value: 1
      objectReference: {fileID: 0}
    - target: {fileID: 472010, guid: 33504a231fe3c1b46ad92994c31d77eb, type: 2}
      propertyPath: m_RootOrder
      value: 2
      objectReference: {fileID: 0}
    m_RemovedComponents: []
  m_ParentPrefab: {fileID: 100100000, guid: 33504a231fe3c1b46ad92994c31d77eb, type: 2}
  m_IsPrefabParent: 0
--- !u!1 &1085862267
GameObject:
  m_ObjectHideFlags: 0
  m_PrefabParentObject: {fileID: 0}
  m_PrefabInternal: {fileID: 0}
  serializedVersion: 4
  m_Component:
  - 4: {fileID: 1085862268}
  m_Layer: 0
  m_Name: Tiles
  m_TagString: Untagged
  m_Icon: {fileID: 0}
  m_NavMeshLayer: 0
  m_StaticEditorFlags: 0
  m_IsActive: 1
--- !u!4 &1085862268
Transform:
  m_ObjectHideFlags: 0
  m_PrefabParentObject: {fileID: 0}
  m_PrefabInternal: {fileID: 0}
  m_GameObject: {fileID: 1085862267}
  m_LocalRotation: {x: 0, y: 0, z: 0, w: 1}
  m_LocalPosition: {x: 0, y: 0, z: 0}
  m_LocalScale: {x: 1, y: 1, z: 1}
  m_Children:
  - {fileID: 707171430}
  - {fileID: 1622757259}
  - {fileID: 949692453}
  - {fileID: 1387617754}
  - {fileID: 1784618500}
  - {fileID: 1489126123}
  - {fileID: 1330622004}
  - {fileID: 737305630}
  - {fileID: 1806381194}
  - {fileID: 396363600}
  m_Father: {fileID: 0}
  m_RootOrder: 5
--- !u!1 &1092510174
GameObject:
  m_ObjectHideFlags: 0
  m_PrefabParentObject: {fileID: 0}
  m_PrefabInternal: {fileID: 0}
  serializedVersion: 4
  m_Component:
  - 4: {fileID: 1092510179}
  - 20: {fileID: 1092510178}
  - 92: {fileID: 1092510177}
  - 124: {fileID: 1092510176}
  - 81: {fileID: 1092510175}
  - 114: {fileID: 1092510180}
  m_Layer: 0
  m_Name: Main Camera
  m_TagString: MainCamera
  m_Icon: {fileID: 0}
  m_NavMeshLayer: 0
  m_StaticEditorFlags: 0
  m_IsActive: 1
--- !u!81 &1092510175
AudioListener:
  m_ObjectHideFlags: 0
  m_PrefabParentObject: {fileID: 0}
  m_PrefabInternal: {fileID: 0}
  m_GameObject: {fileID: 1092510174}
  m_Enabled: 1
--- !u!124 &1092510176
Behaviour:
  m_ObjectHideFlags: 0
  m_PrefabParentObject: {fileID: 0}
  m_PrefabInternal: {fileID: 0}
  m_GameObject: {fileID: 1092510174}
  m_Enabled: 1
--- !u!92 &1092510177
Behaviour:
  m_ObjectHideFlags: 0
  m_PrefabParentObject: {fileID: 0}
  m_PrefabInternal: {fileID: 0}
  m_GameObject: {fileID: 1092510174}
  m_Enabled: 1
--- !u!20 &1092510178
Camera:
  m_ObjectHideFlags: 0
  m_PrefabParentObject: {fileID: 0}
  m_PrefabInternal: {fileID: 0}
  m_GameObject: {fileID: 1092510174}
  m_Enabled: 1
  serializedVersion: 2
  m_ClearFlags: 1
  m_BackGroundColor: {r: .0245999061, g: .0522064641, b: .0955882072, a: .0196078438}
  m_NormalizedViewPortRect:
    serializedVersion: 2
    x: 0
    y: 0
    width: 1
    height: 1
  near clip plane: .300000012
  far clip plane: 1000
  field of view: 60
  orthographic: 1
  orthographic size: 5
  m_Depth: -1
  m_CullingMask:
    serializedVersion: 2
    m_Bits: 4294967295
  m_RenderingPath: -1
  m_TargetTexture: {fileID: 0}
  m_TargetDisplay: 0
  m_HDR: 0
  m_OcclusionCulling: 1
  m_StereoConvergence: 10
  m_StereoSeparation: .0219999999
--- !u!4 &1092510179
Transform:
  m_ObjectHideFlags: 0
  m_PrefabParentObject: {fileID: 0}
  m_PrefabInternal: {fileID: 0}
  m_GameObject: {fileID: 1092510174}
  m_LocalRotation: {x: 0, y: 0, z: 0, w: 1}
  m_LocalPosition: {x: 0, y: 0, z: -10}
  m_LocalScale: {x: 1, y: 1, z: 1}
  m_Children: []
  m_Father: {fileID: 0}
  m_RootOrder: 3
--- !u!114 &1092510180
MonoBehaviour:
  m_ObjectHideFlags: 0
  m_PrefabParentObject: {fileID: 0}
  m_PrefabInternal: {fileID: 0}
  m_GameObject: {fileID: 1092510174}
  m_Enabled: 1
  m_EditorHideFlags: 0
  m_Script: {fileID: 11500000, guid: fad2c033138349449b7a2f1e07b3211e, type: 3}
  m_Name: 
  m_EditorClassIdentifier: 
  baseProjectile: {fileID: 112364, guid: 33504a231fe3c1b46ad92994c31d77eb, type: 2}
  spawnLocation: {x: -4, y: 0, z: 0}
--- !u!1001 &1212677780
Prefab:
  m_ObjectHideFlags: 0
  serializedVersion: 2
  m_Modification:
    m_TransformParent: {fileID: 0}
    m_Modifications:
    - target: {fileID: 497594, guid: 7adcb2b5c75c20f4bb98a4a14b43cf8c, type: 2}
      propertyPath: m_LocalPosition.x
      value: 17.7078114
      objectReference: {fileID: 0}
    - target: {fileID: 497594, guid: 7adcb2b5c75c20f4bb98a4a14b43cf8c, type: 2}
      propertyPath: m_LocalPosition.y
      value: -49.8098907
      objectReference: {fileID: 0}
    - target: {fileID: 497594, guid: 7adcb2b5c75c20f4bb98a4a14b43cf8c, type: 2}
      propertyPath: m_LocalPosition.z
      value: 0
      objectReference: {fileID: 0}
    - target: {fileID: 497594, guid: 7adcb2b5c75c20f4bb98a4a14b43cf8c, type: 2}
      propertyPath: m_LocalRotation.x
      value: 0
      objectReference: {fileID: 0}
    - target: {fileID: 497594, guid: 7adcb2b5c75c20f4bb98a4a14b43cf8c, type: 2}
      propertyPath: m_LocalRotation.y
      value: 0
      objectReference: {fileID: 0}
    - target: {fileID: 497594, guid: 7adcb2b5c75c20f4bb98a4a14b43cf8c, type: 2}
      propertyPath: m_LocalRotation.z
      value: 0
      objectReference: {fileID: 0}
    - target: {fileID: 497594, guid: 7adcb2b5c75c20f4bb98a4a14b43cf8c, type: 2}
      propertyPath: m_LocalRotation.w
      value: 1
      objectReference: {fileID: 0}
    - target: {fileID: 497594, guid: 7adcb2b5c75c20f4bb98a4a14b43cf8c, type: 2}
      propertyPath: m_RootOrder
      value: 0
      objectReference: {fileID: 0}
    m_RemovedComponents: []
  m_ParentPrefab: {fileID: 100100000, guid: 7adcb2b5c75c20f4bb98a4a14b43cf8c, type: 2}
  m_IsPrefabParent: 0
--- !u!1001 &1330622003
Prefab:
  m_ObjectHideFlags: 0
  serializedVersion: 2
  m_Modification:
    m_TransformParent: {fileID: 1085862268}
    m_Modifications:
    - target: {fileID: 460028, guid: 4c8077a9fc7d3ce4eb3e28a2157f565e, type: 2}
      propertyPath: m_LocalPosition.x
      value: -2.66000009
      objectReference: {fileID: 0}
    - target: {fileID: 460028, guid: 4c8077a9fc7d3ce4eb3e28a2157f565e, type: 2}
      propertyPath: m_LocalPosition.y
      value: -1.69000006
      objectReference: {fileID: 0}
    - target: {fileID: 460028, guid: 4c8077a9fc7d3ce4eb3e28a2157f565e, type: 2}
      propertyPath: m_LocalPosition.z
      value: 0
      objectReference: {fileID: 0}
    - target: {fileID: 460028, guid: 4c8077a9fc7d3ce4eb3e28a2157f565e, type: 2}
      propertyPath: m_LocalRotation.x
      value: 0
      objectReference: {fileID: 0}
    - target: {fileID: 460028, guid: 4c8077a9fc7d3ce4eb3e28a2157f565e, type: 2}
      propertyPath: m_LocalRotation.y
      value: 0
      objectReference: {fileID: 0}
    - target: {fileID: 460028, guid: 4c8077a9fc7d3ce4eb3e28a2157f565e, type: 2}
      propertyPath: m_LocalRotation.z
      value: 0
      objectReference: {fileID: 0}
    - target: {fileID: 460028, guid: 4c8077a9fc7d3ce4eb3e28a2157f565e, type: 2}
      propertyPath: m_LocalRotation.w
      value: 1
      objectReference: {fileID: 0}
    - target: {fileID: 460028, guid: 4c8077a9fc7d3ce4eb3e28a2157f565e, type: 2}
      propertyPath: m_RootOrder
      value: 6
      objectReference: {fileID: 0}
    - target: {fileID: 188966, guid: 4c8077a9fc7d3ce4eb3e28a2157f565e, type: 2}
      propertyPath: m_Name
      value: TiledTile38
      objectReference: {fileID: 0}
    m_RemovedComponents: []
  m_ParentPrefab: {fileID: 100100000, guid: 4c8077a9fc7d3ce4eb3e28a2157f565e, type: 2}
  m_IsPrefabParent: 0
--- !u!4 &1330622004 stripped
Transform:
  m_PrefabParentObject: {fileID: 460028, guid: 4c8077a9fc7d3ce4eb3e28a2157f565e, type: 2}
  m_PrefabInternal: {fileID: 1330622003}
--- !u!1001 &1387617753
Prefab:
  m_ObjectHideFlags: 0
  serializedVersion: 2
  m_Modification:
    m_TransformParent: {fileID: 1085862268}
    m_Modifications:
    - target: {fileID: 460028, guid: 4c8077a9fc7d3ce4eb3e28a2157f565e, type: 2}
      propertyPath: m_LocalPosition.x
      value: -.0399999991
      objectReference: {fileID: 0}
    - target: {fileID: 460028, guid: 4c8077a9fc7d3ce4eb3e28a2157f565e, type: 2}
      propertyPath: m_LocalPosition.y
      value: -1.69000006
      objectReference: {fileID: 0}
    - target: {fileID: 460028, guid: 4c8077a9fc7d3ce4eb3e28a2157f565e, type: 2}
      propertyPath: m_LocalPosition.z
      value: 0
      objectReference: {fileID: 0}
    - target: {fileID: 460028, guid: 4c8077a9fc7d3ce4eb3e28a2157f565e, type: 2}
      propertyPath: m_LocalRotation.x
      value: 0
      objectReference: {fileID: 0}
    - target: {fileID: 460028, guid: 4c8077a9fc7d3ce4eb3e28a2157f565e, type: 2}
      propertyPath: m_LocalRotation.y
      value: 0
      objectReference: {fileID: 0}
    - target: {fileID: 460028, guid: 4c8077a9fc7d3ce4eb3e28a2157f565e, type: 2}
      propertyPath: m_LocalRotation.z
      value: 0
      objectReference: {fileID: 0}
    - target: {fileID: 460028, guid: 4c8077a9fc7d3ce4eb3e28a2157f565e, type: 2}
      propertyPath: m_LocalRotation.w
      value: 1
      objectReference: {fileID: 0}
    - target: {fileID: 460028, guid: 4c8077a9fc7d3ce4eb3e28a2157f565e, type: 2}
      propertyPath: m_RootOrder
      value: 3
      objectReference: {fileID: 0}
    - target: {fileID: 188966, guid: 4c8077a9fc7d3ce4eb3e28a2157f565e, type: 2}
      propertyPath: m_Name
      value: TiledTile41
      objectReference: {fileID: 0}
    m_RemovedComponents: []
  m_ParentPrefab: {fileID: 100100000, guid: 4c8077a9fc7d3ce4eb3e28a2157f565e, type: 2}
  m_IsPrefabParent: 0
--- !u!4 &1387617754 stripped
Transform:
  m_PrefabParentObject: {fileID: 460028, guid: 4c8077a9fc7d3ce4eb3e28a2157f565e, type: 2}
  m_PrefabInternal: {fileID: 1387617753}
--- !u!1001 &1489126122
Prefab:
  m_ObjectHideFlags: 0
  serializedVersion: 2
  m_Modification:
    m_TransformParent: {fileID: 1085862268}
    m_Modifications:
    - target: {fileID: 460028, guid: 4c8077a9fc7d3ce4eb3e28a2157f565e, type: 2}
      propertyPath: m_LocalPosition.x
      value: -2.66000009
      objectReference: {fileID: 0}
    - target: {fileID: 460028, guid: 4c8077a9fc7d3ce4eb3e28a2157f565e, type: 2}
      propertyPath: m_LocalPosition.y
      value: -1.69000006
      objectReference: {fileID: 0}
    - target: {fileID: 460028, guid: 4c8077a9fc7d3ce4eb3e28a2157f565e, type: 2}
      propertyPath: m_LocalPosition.z
      value: 0
      objectReference: {fileID: 0}
    - target: {fileID: 460028, guid: 4c8077a9fc7d3ce4eb3e28a2157f565e, type: 2}
      propertyPath: m_LocalRotation.x
      value: 0
      objectReference: {fileID: 0}
    - target: {fileID: 460028, guid: 4c8077a9fc7d3ce4eb3e28a2157f565e, type: 2}
      propertyPath: m_LocalRotation.y
      value: 0
      objectReference: {fileID: 0}
    - target: {fileID: 460028, guid: 4c8077a9fc7d3ce4eb3e28a2157f565e, type: 2}
      propertyPath: m_LocalRotation.z
      value: 0
      objectReference: {fileID: 0}
    - target: {fileID: 460028, guid: 4c8077a9fc7d3ce4eb3e28a2157f565e, type: 2}
      propertyPath: m_LocalRotation.w
      value: 1
      objectReference: {fileID: 0}
    - target: {fileID: 460028, guid: 4c8077a9fc7d3ce4eb3e28a2157f565e, type: 2}
      propertyPath: m_RootOrder
      value: 5
      objectReference: {fileID: 0}
    - target: {fileID: 188966, guid: 4c8077a9fc7d3ce4eb3e28a2157f565e, type: 2}
      propertyPath: m_Name
      value: TiledTile39
      objectReference: {fileID: 0}
    m_RemovedComponents: []
  m_ParentPrefab: {fileID: 100100000, guid: 4c8077a9fc7d3ce4eb3e28a2157f565e, type: 2}
  m_IsPrefabParent: 0
--- !u!4 &1489126123 stripped
Transform:
  m_PrefabParentObject: {fileID: 460028, guid: 4c8077a9fc7d3ce4eb3e28a2157f565e, type: 2}
  m_PrefabInternal: {fileID: 1489126122}
--- !u!1001 &1622757258
Prefab:
  m_ObjectHideFlags: 0
  serializedVersion: 2
  m_Modification:
    m_TransformParent: {fileID: 1085862268}
    m_Modifications:
    - target: {fileID: 460028, guid: 4c8077a9fc7d3ce4eb3e28a2157f565e, type: 2}
      propertyPath: m_LocalPosition.x
      value: -1.29999995
      objectReference: {fileID: 0}
    - target: {fileID: 460028, guid: 4c8077a9fc7d3ce4eb3e28a2157f565e, type: 2}
      propertyPath: m_LocalPosition.y
      value: -1.69000006
      objectReference: {fileID: 0}
    - target: {fileID: 460028, guid: 4c8077a9fc7d3ce4eb3e28a2157f565e, type: 2}
      propertyPath: m_LocalPosition.z
      value: 0
      objectReference: {fileID: 0}
    - target: {fileID: 460028, guid: 4c8077a9fc7d3ce4eb3e28a2157f565e, type: 2}
      propertyPath: m_LocalRotation.x
      value: 0
      objectReference: {fileID: 0}
    - target: {fileID: 460028, guid: 4c8077a9fc7d3ce4eb3e28a2157f565e, type: 2}
      propertyPath: m_LocalRotation.y
      value: 0
      objectReference: {fileID: 0}
    - target: {fileID: 460028, guid: 4c8077a9fc7d3ce4eb3e28a2157f565e, type: 2}
      propertyPath: m_LocalRotation.z
      value: 0
      objectReference: {fileID: 0}
    - target: {fileID: 460028, guid: 4c8077a9fc7d3ce4eb3e28a2157f565e, type: 2}
      propertyPath: m_LocalRotation.w
      value: 1
      objectReference: {fileID: 0}
    - target: {fileID: 460028, guid: 4c8077a9fc7d3ce4eb3e28a2157f565e, type: 2}
      propertyPath: m_RootOrder
      value: 1
      objectReference: {fileID: 0}
    - target: {fileID: 188966, guid: 4c8077a9fc7d3ce4eb3e28a2157f565e, type: 2}
      propertyPath: m_Name
      value: TiledTile43
      objectReference: {fileID: 0}
    m_RemovedComponents: []
  m_ParentPrefab: {fileID: 100100000, guid: 4c8077a9fc7d3ce4eb3e28a2157f565e, type: 2}
  m_IsPrefabParent: 0
--- !u!4 &1622757259 stripped
Transform:
  m_PrefabParentObject: {fileID: 460028, guid: 4c8077a9fc7d3ce4eb3e28a2157f565e, type: 2}
  m_PrefabInternal: {fileID: 1622757258}
--- !u!1001 &1730285097
Prefab:
  m_ObjectHideFlags: 0
  serializedVersion: 2
  m_Modification:
    m_TransformParent: {fileID: 0}
    m_Modifications:
    - target: {fileID: 442442, guid: 50942db6543fdaa43a9da6d1880d2c33, type: 2}
      propertyPath: m_LocalPosition.x
      value: 0
      objectReference: {fileID: 0}
    - target: {fileID: 442442, guid: 50942db6543fdaa43a9da6d1880d2c33, type: 2}
      propertyPath: m_LocalPosition.y
      value: 0
      objectReference: {fileID: 0}
    - target: {fileID: 442442, guid: 50942db6543fdaa43a9da6d1880d2c33, type: 2}
      propertyPath: m_LocalPosition.z
      value: 0
      objectReference: {fileID: 0}
    - target: {fileID: 442442, guid: 50942db6543fdaa43a9da6d1880d2c33, type: 2}
      propertyPath: m_LocalRotation.x
      value: 0
      objectReference: {fileID: 0}
    - target: {fileID: 442442, guid: 50942db6543fdaa43a9da6d1880d2c33, type: 2}
      propertyPath: m_LocalRotation.y
      value: 0
      objectReference: {fileID: 0}
    - target: {fileID: 442442, guid: 50942db6543fdaa43a9da6d1880d2c33, type: 2}
      propertyPath: m_LocalRotation.z
      value: 0
      objectReference: {fileID: 0}
    - target: {fileID: 442442, guid: 50942db6543fdaa43a9da6d1880d2c33, type: 2}
      propertyPath: m_LocalRotation.w
      value: 1
      objectReference: {fileID: 0}
    - target: {fileID: 442442, guid: 50942db6543fdaa43a9da6d1880d2c33, type: 2}
      propertyPath: m_RootOrder
      value: 4
      objectReference: {fileID: 0}
    m_RemovedComponents: []
  m_ParentPrefab: {fileID: 100100000, guid: 50942db6543fdaa43a9da6d1880d2c33, type: 2}
  m_IsPrefabParent: 0
--- !u!1001 &1784618499
Prefab:
  m_ObjectHideFlags: 0
  serializedVersion: 2
  m_Modification:
    m_TransformParent: {fileID: 1085862268}
    m_Modifications:
    - target: {fileID: 460028, guid: 4c8077a9fc7d3ce4eb3e28a2157f565e, type: 2}
      propertyPath: m_LocalPosition.x
      value: -.0399999991
      objectReference: {fileID: 0}
    - target: {fileID: 460028, guid: 4c8077a9fc7d3ce4eb3e28a2157f565e, type: 2}
      propertyPath: m_LocalPosition.y
      value: -1.69000006
      objectReference: {fileID: 0}
    - target: {fileID: 460028, guid: 4c8077a9fc7d3ce4eb3e28a2157f565e, type: 2}
      propertyPath: m_LocalPosition.z
      value: 0
      objectReference: {fileID: 0}
    - target: {fileID: 460028, guid: 4c8077a9fc7d3ce4eb3e28a2157f565e, type: 2}
      propertyPath: m_LocalRotation.x
      value: 0
      objectReference: {fileID: 0}
    - target: {fileID: 460028, guid: 4c8077a9fc7d3ce4eb3e28a2157f565e, type: 2}
      propertyPath: m_LocalRotation.y
      value: 0
      objectReference: {fileID: 0}
    - target: {fileID: 460028, guid: 4c8077a9fc7d3ce4eb3e28a2157f565e, type: 2}
      propertyPath: m_LocalRotation.z
      value: 0
      objectReference: {fileID: 0}
    - target: {fileID: 460028, guid: 4c8077a9fc7d3ce4eb3e28a2157f565e, type: 2}
      propertyPath: m_LocalRotation.w
      value: 1
      objectReference: {fileID: 0}
    - target: {fileID: 460028, guid: 4c8077a9fc7d3ce4eb3e28a2157f565e, type: 2}
      propertyPath: m_RootOrder
      value: 4
      objectReference: {fileID: 0}
    - target: {fileID: 188966, guid: 4c8077a9fc7d3ce4eb3e28a2157f565e, type: 2}
      propertyPath: m_Name
      value: TiledTile40
      objectReference: {fileID: 0}
    m_RemovedComponents: []
  m_ParentPrefab: {fileID: 100100000, guid: 4c8077a9fc7d3ce4eb3e28a2157f565e, type: 2}
  m_IsPrefabParent: 0
--- !u!4 &1784618500 stripped
Transform:
  m_PrefabParentObject: {fileID: 460028, guid: 4c8077a9fc7d3ce4eb3e28a2157f565e, type: 2}
  m_PrefabInternal: {fileID: 1784618499}
--- !u!1001 &1806381193
Prefab:
  m_ObjectHideFlags: 0
  serializedVersion: 2
  m_Modification:
    m_TransformParent: {fileID: 1085862268}
    m_Modifications:
    - target: {fileID: 460028, guid: 4c8077a9fc7d3ce4eb3e28a2157f565e, type: 2}
      propertyPath: m_LocalPosition.x
      value: -3.92000008
      objectReference: {fileID: 0}
    - target: {fileID: 460028, guid: 4c8077a9fc7d3ce4eb3e28a2157f565e, type: 2}
      propertyPath: m_LocalPosition.y
      value: -1.69000006
      objectReference: {fileID: 0}
    - target: {fileID: 460028, guid: 4c8077a9fc7d3ce4eb3e28a2157f565e, type: 2}
      propertyPath: m_LocalPosition.z
      value: 0
      objectReference: {fileID: 0}
    - target: {fileID: 460028, guid: 4c8077a9fc7d3ce4eb3e28a2157f565e, type: 2}
      propertyPath: m_LocalRotation.x
      value: 0
      objectReference: {fileID: 0}
    - target: {fileID: 460028, guid: 4c8077a9fc7d3ce4eb3e28a2157f565e, type: 2}
      propertyPath: m_LocalRotation.y
      value: 0
      objectReference: {fileID: 0}
    - target: {fileID: 460028, guid: 4c8077a9fc7d3ce4eb3e28a2157f565e, type: 2}
      propertyPath: m_LocalRotation.z
      value: 0
      objectReference: {fileID: 0}
    - target: {fileID: 460028, guid: 4c8077a9fc7d3ce4eb3e28a2157f565e, type: 2}
      propertyPath: m_LocalRotation.w
      value: 1
      objectReference: {fileID: 0}
    - target: {fileID: 460028, guid: 4c8077a9fc7d3ce4eb3e28a2157f565e, type: 2}
      propertyPath: m_RootOrder
      value: 8
      objectReference: {fileID: 0}
    - target: {fileID: 188966, guid: 4c8077a9fc7d3ce4eb3e28a2157f565e, type: 2}
      propertyPath: m_Name
      value: TiledTile36
      objectReference: {fileID: 0}
    m_RemovedComponents: []
  m_ParentPrefab: {fileID: 100100000, guid: 4c8077a9fc7d3ce4eb3e28a2157f565e, type: 2}
  m_IsPrefabParent: 0
--- !u!4 &1806381194 stripped
Transform:
  m_PrefabParentObject: {fileID: 460028, guid: 4c8077a9fc7d3ce4eb3e28a2157f565e, type: 2}
  m_PrefabInternal: {fileID: 1806381193}
